@thesis{alonso,
author = {Alonso, E. G.},
year = {2020},
title = {Diseño de sistema de vacío para experimentos de Óptica Cuántica con átomos de Rydberg},
type = {Tesis},
institution = {Facultad de Ciencias, UNAM},
location = {Ciudad de México}
}

@article{birnbaum,
author = {Birnbaum, K. M. and Boca, A. and Miller, R. and Boozer, A. D. and Northup, T. E. and Kimble, H. J.},
title = {Photon blockade in an optical cavity with one trapped atom},
url = {https://doi.org/10.1038/nature03804},
journal = {Nature},
volume = {436},
pages = {87–90},
year = {2005}
}

@article{black,
author = {Black, E. D.},
title = {An introduction to Pound–Drever–Hall laser frequency stabilization},
url = {https://doi.org/10.1119/1.1286663},
journal = {Am. J. Phys.},
volume = {69},
pages = {79–87},
year = {2001}
}

@book{bornWolf,
author = {Born, W. and Wolf, E.},
title = {Principles of Optics},
edition = {7},
publisher = {CUP},
pagetotal = {952},
year = {2002}
}

@book{boyd,
author = {Boyd, R. W.},
title = {Nonlinear Optics},
edition = {4},
publisher = {Academic Press},
pagetotal = {609},
year = {2020}
}

@book{breuer,
author = {Breuer, H. P. and Petruccione, F.},
title = {The Theory of Open Quantum Systems},
publisher = {OUP},
pagetotal = {649},
year = {2002}
}

@article{cantu,
author = {Cantu, S. H. and Venkatramani, A. V. and Xu, W. and Zhou, L. and Jelenković, B. and Lukin, M. D. and Vuletić, V.},
title = {Repulsive photons in a quantum nonlinear medium},
url = {https://doi.org/10.1038/s41567-020-0917-6},
journal = {Nat. Phys.},
volume = {16},
pages = {921-925},
year = {2020}
}

@article{changde,
author = {Chang, D. E. and Douglas, J. S. and Gonz\'alez-Tudela, A. and Hung, C.-L. and Kimble, H. J.},
title = {Colloquium: Quantum matter built from nanoscopic lattices of atoms and photons},
url = {https://doi.org/10.1103/RevModPhys.90.031002},
journal = {Rev. Mod. Phys.},
volume = {90},
pages = {031002},
year = {2018}
}

@article{chang,
author = {Chang, D. and Vuletić, V. and Lukin, M.},
title = {Quantum nonlinear optics — photon by photon},
url = {https://doi.org/10.1038/nphoton.2014.192},
journal = {Nature Photon},
volume = {8},
pages = {685–694},
year = {2014}
}

@article{chen,
author = {Chen, W. and Beck, K. M. and B\"ucker, R. and Gullans, M. and Lukin, M. D. and Tanji-Suzuki, H. and Vuletić, V.},
title = {All-Optical Switch and Transistor Gated by One Stored Photon},
url = {https://doi.org/10.1126/science.1238169},
journal = {Science},
volume = {341},
pages = {768-770},
year = {2013}
}

@book{cohen,
author = {Cohen-Tannoudji, C. and Diu, B. and Laloë, F.},
title = {Quantum mechanics},
volume = {2},
publisher = {John Wiley \& Sons, Inc.},
pagetotal = {640},
year = {1996}   
}

@article{comparat,
author = {Comparat, D. and Pillet, P.},
title = {Dipole blockade in a cold Rydberg atomic sample [Invited]},
url = {https://doi.org/10.1364/JOSAB.27.00A208},
journal = {J. Opt. Soc. Am. B},
volume = {27},
pages = {A208-A232},
year = {2010}
}

@article{dudin,
author = {Dudin, Y. O. and Kuzmich, A.},
title = {Strongly Interacting Rydberg Excitations of a Cold Atomic Gas},
url = {https://doi.org/10.1126/science.1217901},
journal = {Science},
volume = {336},
pages = {887-889},
year = {2012}
}

@thesis{eduardo,
author = {Esquivel, E.},
year = {2020},
title = {Construcción de sistema de láseres para la generación de átomos de Rydberg},
type = {Tesis},
institution = {Facultad de Ciencias, UNAM},
location = {Ciudad de México}
}

@article{esquivel,
author = {Esquivel, E. and Uhthoff, L. and Alonso, E. G. and Hernández, A. and Gardea, C. and Paris, A.},
title = {High-precision frequency-controlled optical phase shifter with acousto-optic devices},
url = {https://doi.org/10.1364/OL.522688},
journal = {Opt. Lett.},
volume = {49},
pages = {2525-2528},
year = {2024}
}

@article{firstenberg1,
author = {Firstenberg, O. and Adams, C. S. and Hofferberth, S.},
title = {Nonlinear quantum optics mediated by Rydberg interactions},
url = {https://doi.org/10.1088/0953-4075/49/15/152003},
journal = {J. Phys. B: At. Mol. Opt. Phys.},
volume = {49},
pages = {152003},
year = {2016}
}

@article{firstenberg2,
author = {Firstenberg, O. and Peyronel, T. and Liang, QY. and Gorshkov, A. V. and Lukin, M. D. and Vuletić, V.},
title = {Attractive photons in a quantum nonlinear medium},
url = {https://doi.org/10.1038/nature12512},
journal = {Nature},
volume = {502},
pages = {71-75},
year = {2013}
}

@article{fleischhauer,
author = {Fleischhauer, M. and Imamoglu, A. and Marangos, J. P.},
title = {Electromagnetically induced transparency: Optics in coherent media},
url = {https://doi.org/10.1103/RevModPhys.77.633},
journal = {Rev. Mod. Phys.},
volume = {77},
pages = {633-673},
year = {2005}
}

@book{foot,
author = {Foot, C. J.},
title = {Atomic Physics},
publisher = {OUP},
pagetotal = {331},
year = {2005}
}

@article{friedler,
author = {Friedler, I. and Petrosyan, D. and Fleischhauer, M. and Kurizki, G.},
title = {Long-range interactions and entanglement of slow single-photon pulses},
url = {https://doi.org/10.1103/PhysRevA.72.043803},
journal = {Phys. Rev. A},
volume = {72},
pages = {043803},
year = {2005}
}

@book{gallagher,
author = {Gallagher, T. F.},
title = {Rydberg Atoms},
publisher = {CUP},
pagetotal = {495},
year = {1994}
}

@article{gorniaczyk,
author = {Gorniaczyk, H. and Tresp, C. and Schmidt, J. and Fedder, H. and Hofferberth, S.},
title = {Single-Photon Transistor Mediated by Interstate Rydberg Interactions},
url = {https://doi.org/10.1103/PhysRevLett.113.053601},
journal = {Phys. Rev. Lett.},
volume = {113},
pages = {053601},
year = {2014}
}

@article{grimm,
author = {Grimm, R. and Weidemüller, M. and Ovchinnikov, Y. B.},
title = {Optical Dipole Traps for Neutral Atoms},
url = {https://doi.org/10.1016/S1049-250X(08)60186-X},
journal = {Adv. At. Mol. Opt. Phy.},
volume = {42},
pages = {95-170},
year = {2000}
}

@article{harris,
author = {Harris, S. E. and Field, J. E. and Kasapi, A.},
title = {Dispersive properties of electromagnetically induced transparency},
url = {https://doi.org/10.1103/PhysRevA.46.R29},
journal = {Phys. Rev. A},
volume = {46},
pages = {R29-R32},
year = {1992}
}

@article{haroche,
author = {Haroche, S.},
title = {Cavity quantum electrodynamics: a review of Rydberg atom-microwave experiments on entanglement and decoherence},
url = {https://doi.org/10.1063/1.58235},
journal = {AIP Conf. Proc.},
volume = {464},
pages = {45-66},
year = {1999}
}

@article{hau,
author = {Hau, L. V. and Harris, S. E. and Dutton, Z. and Behroozi, C. H.},
title = {Light speed reduction to 17 metres per second in an ultracold atomic gas},
url = {https://doi.org/10.1038/17561},
journal = {Nature},
volume = {397},
pages = {594-598},
year = {1999}
}

@book{hecht,
author = {Hecht, E.},
title = {Optics},
edition = {5},
publisher = {Pearson},
pagetotal = {722},
year = {2017}
}

@article{kumlin,
author = {Kumlin, J. and Braun, C. and Tresp, C. and Stiesdal6, N. and Hofferberth, S. and Paris-Mandoki, A.},
title = {Quantum optics with Rydberg superatoms},
url = {https://doi.org/10.1088/2399-6528/acd51d},
journal = {J. Phys. Commun.},
volume = {7},
pages = {052001},
year = {2023}
}

@article{liu,
author = {Liu, C. and Dutton, Z. and Behroozi, C. H. and Hau, L. V.},
title = {Observation of coherent optical information storage in an atomic medium using halted light pulses},
url = {https://doi.org/10.1038/35054017},
journal = {Nature},
volume = {409},
pages = {490–493},
year = {2001}
}

@article{low,
author = {Löw, R. and Weimer, H. and Nipper, J. and Balewski, J. B. and Butscher, B. and Büchler, H. P. and Pfau, T.},
title = {An experimental and theoretical guide to strongly interacting Rydberg gases},
url = {https://doi.org/10.1088/0953-4075/45/11/113001},
journal = {J. Phys. B: At. Mol. Opt. Phys.},
volume = {45},
pages = {113001},
year = {2012}
}

@article{lukin1,
author = {Lukin, M. D.},
title = {Colloquium: Trapping and manipulating photon states in atomic ensembles},
url = {https://doi.org/10.1103/RevModPhys.75.457},
journal = {Rev. Mod. Phys.},
volume = {75},
pages = {457-472},
year = {2003}
}

@article{lukin2,
author = {Lukin, M. D. and Fleischhauer, M. and Cote, R. and Duan, L. M. and Jaksch, D. and Cirac, J. I. and Zoller, P.},
title = {Dipole Blockade and Quantum Information Processing in Mesoscopic Atomic Ensembles},
url = {https://doi.org/10.1103/PhysRevLett.87.037901},
journal = {Phys. Rev. Lett.},
volume = {87},
pages = {037901},
year = {2001}
}

@article{maxwell,
author = {Maxwell, D. and Szwer, D. J. and Paredes-Barato, D. and Busche, H. and Pritchard, J. D. and Gauguet, A. and Weatherill, K. J. and Jones, M. P. A. and Adams, C. S.},
title = {Storage and Control of Optical Photons Using Rydberg Polaritons},
url = {https://doi.org/10.1103/PhysRevLett.110.103001},
journal = {Phys. Rev. Lett.},
volume = {110},
pages = {103001},
year = {2013}
}

@book{metcalf,
author = {Metcalf, H. J. and v. d. Straten, P.},
title = {Laser Cooling and Trapping},
publisher = {Springer, New York, NY},
pagetotal = {323},
year = {1999}
}

@article{mohapatra,
author = {Mohapatra, A. K. and Jackson, T. R. and Adams, C. S.},
title = {Coherent Optical Detection of Highly Excited Rydberg States Using Electromagnetically Induced Transparency},
url = {https://doi.org/10.1103/PhysRevLett.98.113003},
journal = {Phys. Rev. Lett.},
volume = {98},
pages = {113003},
year = {2007}
}

@article{paris,
author = {Paris, M. A. and Gorniaczyk, H. and Tresp, C. and Mirgorodskiy, I. and Hofferberth, S.},
title = {Tailoring Rydberg interactions via Förster resonances: state combinations, hopping and angular dependence},
url = {https://doi.org/10.1088/0953-4075/49/16/164001},
journal = {J. Phys. B: At. Mol. Opt. Phys.},
volume = {49},
pages = {164001},
year = {2016}
}

@article{peyronel,
author = {Peyronel, T. and Firstenberg, O. and Liang, Q. and Hofferberth, S. and Gorshkov, A. V. and Pohl, T.},
title = {Quantum nonlinear optics with single photons enabled by strongly interacting atoms},
url = {https://doi.org/10.1038/nature11361},
journal = {Nature},
volume = {488},
pages = {57-60},
year = {2012}
}

@article{phillips,
author = {Phillips, D. F. and Fleischhauer, A. and Mair, A. and Walsworth, R. L. and Lukin, M. D.},
title = {Storage of Light in Atomic Vapor},
url = {https://doi.org/10.1103/PhysRevLett.86.783},
journal = {Phys. Rev. Lett.},
volume = {86},
pages = {783-786},
year = {2001}
}

@article{rabi,
author = {Rabi, I. I.},
title = {Space Quantization in a Gyrating Magnetic Field},
url = {https://doi.org/10.1103/PhysRev.51.652},
journal = {Phys. Rep.},
volume = {51},
pages = {652},
year = {1937}
}

@book{rb85,
author = {Steck, Daniel A.},
title = {Rubidium 85 D Line Data},
edition = {2.3.3},
pagetotal = {31},
url = {http://steck.us/alkalidata},
year = {2024}
}

@book{rb87,
author = {Steck, Daniel A.},
title = {Rubidium 87 D Line Data},
edition = {2.3.3},
pagetotal = {32},
url = {http://steck.us/alkalidata},
year = {2024}
}

@article{saffman,
author = {Saffman, M. and Walker, T. G. and M{\o}lmer, K.},
title = {Quantum information with Rydberg atoms},
url = {https://doi.org/10.1103/RevModPhys.82.2313},
journal = {Rev. Mod. Phys.},
volume = {82},
pages = {2313-2363},
year = {2010}
}

@book{saleh,
author = {Saleh, B. E. A. and Teich, M. C.},
title = {Fundamentals of Photonics},
edition = {3},
publisher = {Wiley},
pagetotal = {1370},
year = {2019}
}

@article{seaton,
author = {Seaton, M. J.},
title = {Quantum defect theory},
url = {https://doi.org/10.1088/0034-4885/46/2/002},
journal = {Rep. Prog. Phys.},
volume = {46},
pages = {167-257},
year = {1983}
}

@article{scully,
author = {Scully, Marlan O.},
title = {Enhancement of the index of refraction via quantum coherence},
url = {https://doi.org/10.1103/PhysRevLett.67.1855},
journal = {Phys. Rev. Lett.},
volume = {67},
pages = {1855-1858},
year = {1991}
}

@article{steck1,
author = {Steck, Daniel A.},
title = {},
journal = {},
note = {\emph{Classical and Modern Optics}, available online at \url{http://steck.us/teaching} (revision 1.8.5, 25 May 2024)},
year = {}
}

@article{steck2,
author = {Steck, Daniel A.},
title = {},
journal = {},
note = {\emph{Quantum and Atom Optics}, available online at \url{http://steck.us/teaching} (revision 0.16.1, 16 June 2024)},
year = {}
}

@article{tiarks,
author = {Tiarks, D. and Baur, S. and Schneider, K. and D\"urr, S. and Rempe, G.},
title = {Single-Photon Transistor Using a F\"orster Resonance},
url = {https://doi.org/10.1103/PhysRevLett.113.053602},
journal = {Phys. Rev. Lett.},
volume = {113},
pages = {053602},
year = {2014}
}

@article{zhu,
author = {Zhu, J. and Huang, G.},
title = {Quantum squeezing of slow-light dark solitons via electromagnetically induced transparency},
url = {https://doi.org/10.1103/PhysRevA.105.033515},
journal = {Phys. Rev. A},
volume = {105},
pages = {033515},
year = {2022}
}